
@article{kober_reinforcement_2013,
	title = {Reinforcement learning in robotics: {A} survey},
	shorttitle = {Reinforcement learning in robotics},
	url = {http://ijr.sagepub.com/content/early/2013/08/22/0278364913495721.abstract},
	urldate = {2015-02-17},
	journal = {The International Journal of Robotics Research},
	author = {Kober, Jens and Bagnell, J. Andrew and Peters, Jan},
	year = {2013},
	pages = {0278364913495721},
	file = {Snapshot:/Users/kristopherreynolds1/Library/Application Support/Firefox/Profiles/a07yfnax.default/zotero/storage/R42JRB6M/0278364913495721.html:text/html}
}